<record xmlns="http://www.loc.gov/MARC21/slim">
   <leader>06112nam a2200493 i 4500</leader>
   <controlfield tag="001">6733328</controlfield>
   <controlfield tag="003">OCoLC</controlfield>
   <controlfield tag="005">20140813062221.7</controlfield>
   <controlfield tag="006">m     o  d        </controlfield>
   <controlfield tag="007">cr cnu---unuuu</controlfield>
   <controlfield tag="008">140804s2015    enk     ob    001 0 eng d</controlfield>
   <datafield ind1=" " ind2=" " tag="020">
      <subfield code="a">9780199362431 (electronic bk.)</subfield>
   </datafield>
   <datafield ind1=" " ind2=" " tag="020">
      <subfield code="a">0199362432 (electronic bk.)</subfield>
   </datafield>
   <datafield ind1=" " ind2=" " tag="020">
      <subfield code="z">9780199362424</subfield>
   </datafield>
   <datafield ind1=" " ind2=" " tag="020">
      <subfield code="z">0199362424</subfield>
   </datafield>
   <datafield ind1=" " ind2=" " tag="035">
      <subfield code="a">ocn958867805</subfield>
   </datafield>
   <datafield ind1=" " ind2=" " tag="037">
      <subfield code="a">818383</subfield>
      <subfield code="b">EBSCO</subfield>
   </datafield>
   <datafield ind1=" " ind2=" " tag="039">
      <subfield code="a">exclude</subfield>
   </datafield>
   <datafield ind1=" " ind2=" " tag="040">
      <subfield code="a">CaONFJC</subfield>
      <subfield code="c">CaONFJC</subfield>
      <subfield code="e">rda</subfield>
      <subfield code="d">AEU</subfield>
   </datafield>
   <datafield ind1=" " ind2="4" tag="050">
      <subfield code="a">RA790.5</subfield>
      <subfield code="b">.C636 2015eb</subfield>
   </datafield>
   <datafield ind1="0" ind2="4" tag="082">
      <subfield code="a">362.2/2</subfield>
      <subfield code="2">23</subfield>
   </datafield>
   <datafield ind1=" " ind2=" " tag="084">
      <subfield code="a">PSY007000</subfield>
      <subfield code="2">bisacsh</subfield>
   </datafield>
   <datafield ind1=" " ind2=" " tag="090">
      <subfield code="a">Internet Access</subfield>
      <subfield code="b">AEU</subfield>
   </datafield>
   <datafield ind1="0" ind2="0" tag="245">
      <subfield code="a">Community psychology and community mental health :</subfield>
      <subfield code="b">towards transformative change /</subfield>
      <subfield code="c">edited by Geoffrey Nelson, Bret Kloos, and Jose Ornelas.</subfield>
   </datafield>
   <datafield ind1=" " ind2="1" tag="264">
      <subfield code="a">Oxford ;</subfield>
      <subfield code="a">New York :</subfield>
      <subfield code="b">Oxford University Press,</subfield>
      <subfield code="c">[2015]</subfield>
   </datafield>
   <datafield ind1=" " ind2=" " tag="300">
      <subfield code="a">1 online resource.</subfield>
   </datafield>
   <datafield ind1=" " ind2=" " tag="336">
      <subfield code="a">text</subfield>
      <subfield code="b">txt</subfield>
      <subfield code="2">rdacontent</subfield>
   </datafield>
   <datafield ind1=" " ind2=" " tag="337">
      <subfield code="a">computer</subfield>
      <subfield code="b">c</subfield>
      <subfield code="2">rdamedia</subfield>
   </datafield>
   <datafield ind1=" " ind2=" " tag="338">
      <subfield code="a">online resource</subfield>
      <subfield code="b">cr</subfield>
      <subfield code="2">rdacarrier</subfield>
   </datafield>
   <datafield ind1=" " ind2=" " tag="504">
      <subfield code="a">Includes bibliographical references and index.</subfield>
   </datafield>
   <datafield ind1="0" ind2=" " tag="505">
      <subfield code="a">Transformative change in community mental health : a community psychology framework / Geoffrey Nelson, Bret Kloos, and José Ornelas -- Drawing upon community psychology history and theory as resources for transformative change in mental health / Bret Kloos, José Ornelas, and Geoffrey Nelson -- Perspectives on transformative change in community mental health / John Sylvestre -- The capabilities approach to transformative change in mental health / Marybeth Shinn -- Transforming mental health care through the participation of the recovery community / Larry Davidson, Priscilla Ridgway, Maria O'Connell, and Thomas A. Kirk, Jr. -- The impact of mental health consumer-run organizations on transformative change / Louis D. Brown and Susan Rogers -- Wellness recovery action planning : the role of wellness promotion in a new paradigm of community mental health / Mary Ellen Copeland and Jessica A. Jonikas -- Defining the competencies of different stakeholders in a transformed mental health system / Tim Aubry and Mary O'Hagan -- Planning transformative change for mental health services for cultural-linguistic communities / Geoffrey Nelson [and five others] -- Recovering community in mental health : the contributions and challenges of community psychology / Bret Kloos [and five others] -- Who is John? : community integration as a paradigm for transformative change in community mental health / Mark Salzer and Richard C. Baron -- Transformative organizational change in community mental health / José Ornelas, Teresa Duarte, and Maria Fátima Jorge-Monteiro -- Housing first and system/community transformation / Paula Goering and Sam Tsemberis -- Supported education as a vehicle for transformative change in mental health treatment philosophy / Karen Unger -- Beginning to take control : Ontario's consumer/survivor development initiative / John Trainor and David Reville -- Recovery-oriented mental health policies : implications for transformative change in five nations / Myra Piat and Lauren Polvere -- Transforming research for transformative change in mental health : towards the future / Nev Jones, Lauren Munro, Jay Harrison, Rita Aguiar -- Transformative change in community mental health : future directions / Geoffrey Nelson, Bret Kloos, and José Ornelas.</subfield>
   </datafield>
   <datafield ind1=" " ind2=" " tag="506">
      <subfield code="a">Access restricted to authorized users and institutions.</subfield>
   </datafield>
   <datafield ind1=" " ind2=" " tag="520">
      <subfield code="a">"Mental health practices and programs around the world face growing criticism from policymakers, consumers, and service providers for being ineffective, overly reliant on treatment by professionals, and overly focused on symptoms. Many have called for new paradigms of mental health and new practices that can better support recovery, community integration, and adaptive functioning for persons diagnosed with psychiatric disabilities. While there has recently been much discourse about transformation and recovery, there has yet to be a critical and systematic review that unpacks the concept of mental health systems transformation or that examines strategies for how to create transformative change in mental health. Community Psychology and Community Mental Health provides empirical justification and a conceptual foundation for transformative change in mental health, based on community psychology values and principles of ecology, collaboration, empowerment, and social justice. Chapters provide strategies for making changes at the level of society, policy, organizations, community settings, and mental health practices. The editors and authors draw from experience in different countries in recognition of the need to tailor change strategies to different contexts. The common experiences of the international perspectives represented underscore the importance and the need for a new paradigm while demonstrating that there are many alternatives and opportunities for pursuing transformative change. This book will be of interest to community mental health professionals, researchers, and students, as well as policymakers, administrators, and those with lived experience of mental health issues"--</subfield>
      <subfield code="c">Provided by publisher.</subfield>
   </datafield>
   <datafield ind1=" " ind2=" " tag="520">
      <subfield code="a">"Community Psychology and Community Mental Health provides theoretical justification and a conceptual foundation for transformative change in mental health, based on community psychology values and principles of ecology, collaboration, empowerment, and social justice"--</subfield>
      <subfield code="c">Provided by publisher.</subfield>
   </datafield>
   <datafield ind1=" " ind2=" " tag="588">
      <subfield code="a">Description based on print version record.</subfield>
   </datafield>
   <datafield ind1=" " ind2=" " tag="596">
      <subfield code="a">44</subfield>
   </datafield>
   <datafield ind1=" " ind2="0" tag="650">
      <subfield code="a">Community mental health services.</subfield>
   </datafield>
   <datafield ind1=" " ind2="0" tag="650">
      <subfield code="a">Community psychology.</subfield>
   </datafield>
   <datafield ind1=" " ind2="1" tag="650">
      <subfield code="a">Change (Psychology)</subfield>
   </datafield>
   <datafield ind1="1" ind2=" " tag="700">
      <subfield code="a">Nelson, Geoffrey B.</subfield>
      <subfield code="q">(Geoffrey Brian)</subfield>
   </datafield>
   <datafield ind1="1" ind2=" " tag="700">
      <subfield code="a">Kloos, Bret.</subfield>
   </datafield>
   <datafield ind1="1" ind2=" " tag="700">
      <subfield code="a">Ornelas, Jose.</subfield>
   </datafield>
   <datafield ind1="4" ind2="0" tag="856">
      <subfield code="3">University of Alberta Access</subfield>
      <subfield code="u">http://www.oxfordscholarship.com/view/10.1093/acprof:oso/9780199362424.001.0001/acprof-9780199362424</subfield>
      <subfield code="z">from University Press Scholarship</subfield>
   </datafield>
   <datafield ind1=" " ind2=" " tag="926">
      <subfield code="a">Internet Access</subfield>
      <subfield code="w">LC</subfield>
      <subfield code="c">2</subfield>
      <subfield code="i">6733328-1002</subfield>
      <subfield code="l">INTERNET</subfield>
      <subfield code="m">UAINTERNET</subfield>
      <subfield code="r">Y</subfield>
      <subfield code="s">Y</subfield>
      <subfield code="t">E-RESOURCE</subfield>
      <subfield code="u">9/19/2016</subfield>
      <subfield code="x">E-BOOK</subfield>
      <subfield code="z">UPSO</subfield>
   </datafield>
</record>
